<?xml version="1.0" encoding="UTF-8"?><record xmlns="http://www.loc.gov/MARC21/slim" xmlns:cinclude="http://apache.org/cocoon/include/1.0" xmlns:zs="http://www.loc.gov/zing/srw/">
  <leader>03029cz  a2200337n  4500</leader>
  <controlfield tag="001">n  50005247 </controlfield>
  <controlfield tag="003">DLC</controlfield>
  <controlfield tag="005">20160211145420.0</controlfield>
  <controlfield tag="008">800317n| azannaabn          |a aaa      </controlfield>
  <datafield tag="010" ind1=" " ind2=" ">
    <subfield code="a">n  50005247 </subfield>
  </datafield>
  <datafield tag="035" ind1=" " ind2=" ">
    <subfield code="a">(OCoLC)oca00040810</subfield>
  </datafield>
  <datafield tag="040" ind1=" " ind2=" ">
    <subfield code="a">DLC</subfield>
    <subfield code="b">eng</subfield>
    <subfield code="e">rda</subfield>
    <subfield code="c">DLC</subfield>
    <subfield code="d">DLC</subfield>
    <subfield code="d">OCoLC</subfield>
    <subfield code="d">Uk</subfield>
    <subfield code="d">IEN</subfield>
    <subfield code="d">DLC</subfield>
  </datafield>
  <datafield tag="046" ind1=" " ind2=" ">
    <subfield code="f">1946-04-16</subfield>
    <subfield code="2">edtf</subfield>
  </datafield>
  <datafield tag="100" ind1="1" ind2=" ">
    <subfield code="a">Fisher, David,</subfield>
    <subfield code="d">1946-</subfield>
  </datafield>
  <datafield tag="370" ind1=" " ind2=" ">
    <subfield code="c">United States</subfield>
    <subfield code="e">New York (N.Y.)</subfield>
    <subfield code="2">naf</subfield>
  </datafield>
  <datafield tag="372" ind1=" " ind2=" ">
    <subfield code="a">Fiction</subfield>
    <subfield code="a">Biography</subfield>
    <subfield code="a">Crime</subfield>
    <subfield code="a">Sports</subfield>
    <subfield code="2">lcsh</subfield>
  </datafield>
  <datafield tag="372" ind1=" " ind2=" ">
    <subfield code="a">Humor</subfield>
  </datafield>
  <datafield tag="374" ind1=" " ind2=" ">
    <subfield code="a">Novelists</subfield>
    <subfield code="a">Authors</subfield>
    <subfield code="a">Biographers</subfield>
    <subfield code="a">Ghostwriters</subfield>
    <subfield code="2">lcsh</subfield>
  </datafield>
  <datafield tag="375" ind1=" " ind2=" ">
    <subfield code="a">male</subfield>
  </datafield>
  <datafield tag="377" ind1=" " ind2=" ">
    <subfield code="a">eng</subfield>
  </datafield>
  <datafield tag="400" ind1="1" ind2=" ">
    <subfield code="a">Fisher, Dave,</subfield>
    <subfield code="d">1946-</subfield>
  </datafield>
  <datafield tag="400" ind1="1" ind2=" ">
    <subfield code="a">David, Jay,</subfield>
    <subfield code="d">1946-</subfield>
  </datafield>
  <datafield tag="400" ind1="1" ind2=" ">
    <subfield code="a">Fisher, David J.,</subfield>
    <subfield code="d">1946-</subfield>
  </datafield>
  <datafield tag="500" ind1="1" ind2=" ">
    <subfield code="w">r</subfield>
    <subfield code="i">Alternate identity:</subfield>
    <subfield code="a">Lilly, Ray,</subfield>
    <subfield code="d">1946-</subfield>
  </datafield>
  <datafield tag="670" ind1=" " ind2=" ">
    <subfield code="a">Jenkins, F. Inside pitching, 1972:</subfield>
    <subfield code="b">t.p. (David Fisher)</subfield>
  </datafield>
  <datafield tag="670" ind1=" " ind2=" ">
    <subfield code="a">Bragonier, R. The mechanics of a magazine, c1984:</subfield>
    <subfield code="b">t.p. (David J. Fisher)</subfield>
  </datafield>
  <datafield tag="670" ind1=" " ind2=" ">
    <subfield code="a">Sullivan, S. Why don't cats go bald? 2008:</subfield>
    <subfield code="b">t.p. (David Fisher) back cover (began professional career as staff writer for comedienne Joan Rivers; has since written more than 50 books and resides in New York City)</subfield>
  </datafield>
  <datafield tag="670" ind1=" " ind2=" ">
    <subfield code="a">The writers directory 1994-96</subfield>
    <subfield code="b">(David Fisher; American; born 1946; on staff of Life magazine 1970-72; genres: novels/short stories, criminology, politics/goverment, sports/fitness, autobiography/memoirs, humor/satire)</subfield>
  </datafield>
  <datafield tag="670" ind1=" " ind2=" ">
    <subfield code="a">Contemporary Authors online ed., 25 Apr. 2014</subfield>
    <subfield code="b">(David Fisher; born 16 April 1946, in New York, NY; author of fiction and nonfiction; ghostwriter; staff writer/reporter for "Life" 1970-72; comedy writer for Joan Rivers and others; has had a long and prolific career as a free-lance writer about diverse topics: he has written or ghostwritten more than thirty books on baseball, politics, and true crime; frequently, he has collaborated with personalities from sports, show business, or organized crime to write insider accounts; although he has written numerous works by himself, including fiction and nonfiction, he has focused most of his career on collaborating with others; lists publications, incl. "Tranquility without pills", "The most wanted man in America", "What's what", "Chicken poop for the soul", etc.; also author of a novel under the pseudonym Ray Lilly [title not given] and ghostwriter of numerous works, including a biography of Malcolm X for children)</subfield>
  </datafield>
  <datafield tag="670" ind1=" " ind2=" ">
    <subfield code="a">E-mail from author, 28 Apr. 2014</subfield>
    <subfield code="b">("the book I wrote under the name Ray Lilly was entitled The Touch Team; Jay David was a catchall name used by several people for books they did not want published under their own name, especially those created by a legendary book packager named Bill Adler; while I did use that name occasionally for a newspaper piece, I don't recall publishing any books under it")</subfield>
  </datafield>
  <datafield tag="670" ind1=" " ind2=" ">
    <subfield code="a">Further e-mail from author, 6 May 2014</subfield>
    <subfield code="b">(was ghostwriter (uncredited) of George Burns' "Gracie: a love story" [listed in his entry in Contemporary Authors] and of "Brotherhood" which was rewritten and expanded by Deepak Chopra)</subfield>
  </datafield>
</record>